<record xmlns='http://www.loc.gov/MARC21/slim'><leader>01383cim a22003612u 4500</leader><controlfield tag='001'>3600936</controlfield><controlfield tag='005'>20151214182738.0</controlfield><controlfield tag='007'>ss|lmnjluz|nuu</controlfield><controlfield tag='008'>991101s1985    nyunnn         l    eng d</controlfield><datafield ind1=' ' ind2=' ' tag='035'><subfield code='a'>(NIC)notisASF8001</subfield></datafield><datafield ind1=' ' ind2=' ' tag='035'><subfield code='a'>3600936</subfield></datafield><datafield ind1=' ' ind2=' ' tag='035'><subfield code='a'>(OCoLC)63896824</subfield></datafield><datafield ind1=' ' ind2=' ' tag='040'><subfield code='a'>NIC</subfield><subfield code='c'>NIC</subfield><subfield code='d'>NIC</subfield><subfield code='d'>NIC</subfield></datafield><datafield ind1='1' ind2=' ' tag='100'><subfield code='a'>Williams, L. Pearce,</subfield><subfield code='d'>1927-2015.</subfield></datafield><datafield ind1='1' ind2='0' tag='245'><subfield code='a'>Cornell 1969-1985:  liberalism to conservatism?</subfield><subfield code='h'>[sound recording]</subfield></datafield><datafield ind1=' ' ind2=' ' tag='260'><subfield code='c'>1985.</subfield></datafield><datafield ind1=' ' ind2=' ' tag='300'><subfield code='a'>1 sound cassette (86 min.) :</subfield><subfield code='b'>analog, mono.</subfield></datafield><datafield ind1=' ' ind2=' ' tag='500'><subfield code='a'>Recorded in Ithaca, NY by Cornell University.</subfield></datafield><datafield ind1=' ' ind2=' ' tag='518'><subfield code='a'>Lecture, March 19, 1985.</subfield></datafield><datafield ind1=' ' ind2=' ' tag='520'><subfield code='a'>Williams and Burak discuss the topic of student activism and political orientation of Cornell students at the present as compared to the 1960&apos;s.</subfield></datafield><datafield ind1='2' ind2='0' tag='610'><subfield code='a'>Cornell University</subfield><subfield code='x'>History.</subfield></datafield><datafield ind1=' ' ind2='0' tag='650'><subfield code='a'>Youth</subfield><subfield code='x'>Political activity.</subfield></datafield><datafield ind1=' ' ind2='0' tag='650'><subfield code='a'>Student movements.</subfield></datafield><datafield ind1=' ' ind2='0' tag='650'><subfield code='a'>Students</subfield><subfield code='x'>Political activity.</subfield></datafield><datafield ind1='2' ind2='7' tag='610'><subfield code='a'>Cornell University</subfield><subfield code='2'>fast</subfield><subfield code='0'>(OCoLC)fst00530369</subfield></datafield><datafield ind1=' ' ind2='7' tag='650'><subfield code='a'>Student movements</subfield><subfield code='2'>fast</subfield><subfield code='0'>(OCoLC)fst01135954</subfield></datafield><datafield ind1=' ' ind2='7' tag='650'><subfield code='a'>Students</subfield><subfield code='x'>Political activity</subfield><subfield code='2'>fast</subfield><subfield code='0'>(OCoLC)fst01136098</subfield></datafield><datafield ind1=' ' ind2='7' tag='650'><subfield code='a'>Youth</subfield><subfield code='x'>Political activity</subfield><subfield code='2'>fast</subfield><subfield code='0'>(OCoLC)fst01183486</subfield></datafield><datafield ind1=' ' ind2='7' tag='655'><subfield code='a'>History</subfield><subfield code='2'>fast</subfield><subfield code='0'>(OCoLC)fst01411628</subfield></datafield><datafield ind1='1' ind2=' ' tag='700'><subfield code='a'>Burak, David,</subfield><subfield code='d'>1945-</subfield></datafield><datafield ind1='1' ind2=' ' tag='899'><subfield code='a'>CULectures</subfield></datafield><datafield ind1=' ' ind2=' ' tag='905'><subfield code='a'>20000407120000.0</subfield></datafield><datafield ind1='2' ind2=' ' tag='948'><subfield code='a'>20141221</subfield><subfield code='b'>m</subfield><subfield code='d'>batch</subfield><subfield code='e'>lts</subfield><subfield code='x'>addfast</subfield></datafield></record>